<record><leader>00000cas a22000007a 4500</leader><controlfield tag="001">15101866</controlfield><controlfield tag="008">870122c19559999txudr ne      0    0eng d</controlfield><datafield ind1=" " ind2=" " tag="010"><subfield code="a">sn 86090719 </subfield></datafield><datafield ind1=" " ind2=" " tag="040"><subfield code="a">PPM</subfield><subfield code="b">eng</subfield><subfield code="c">PPM</subfield><subfield code="d">SHH</subfield><subfield code="d">OCLCQ</subfield><subfield code="d">OCLCF</subfield><subfield code="d">OCLCO</subfield></datafield><datafield ind1=" " ind2=" " tag="019"><subfield code="a">475679948</subfield></datafield><datafield ind1=" " ind2=" " tag="042"><subfield code="a">msc</subfield></datafield><datafield ind1=" " ind2=" " tag="043"><subfield code="a">n-us-tx</subfield></datafield><datafield ind1="0" ind2="0" tag="245"><subfield code="a">Conroe daily courier.</subfield></datafield><datafield ind1=" " ind2=" " tag="260"><subfield code="a">Conroe, Tex. :</subfield><subfield code="b">Rigby Owen,</subfield><subfield code="c">1955-</subfield></datafield><datafield ind1=" " ind2=" " tag="310"><subfield code="a">Daily,</subfield><subfield code="b">&lt;1985-&gt;</subfield></datafield><datafield ind1=" " ind2=" " tag="321"><subfield code="a">Daily (except Mon. and Sat.),</subfield><subfield code="b">&lt;Nov. 13, 1955-&gt;</subfield></datafield><datafield ind1="0" ind2=" " tag="362"><subfield code="a">Vol. 1, no. 1 (Nov. 13, 1955)-</subfield></datafield><datafield ind1=" " ind2=" " tag="580"><subfield code="a">Weekly ed. &lt;Nov. 13, 1955-&gt;: Conroe courier.</subfield></datafield><datafield ind1=" " ind2="0" tag="651"><subfield code="a">Conroe (Tex.)</subfield><subfield code="v">Newspapers.</subfield></datafield><datafield ind1=" " ind2="7" tag="655"><subfield code="a">Newspapers.</subfield><subfield code="2">fast</subfield><subfield code="0">(OCoLC)fst01423814</subfield></datafield><datafield ind1=" " ind2="7" tag="651"><subfield code="a">Texas</subfield><subfield code="z">Conroe.</subfield><subfield code="2">fast</subfield><subfield code="0">(OCoLC)fst01217563</subfield></datafield><datafield ind1=" " ind2=" " tag="752"><subfield code="a">United States</subfield><subfield code="b">Texas</subfield><subfield code="c">Montgomery</subfield><subfield code="d">Conroe.</subfield></datafield><datafield ind1="1" ind2=" " tag="775"><subfield code="t">Conroe courier</subfield><subfield code="w">(OCoLC)14148348</subfield></datafield></record>